@manual{docker,
  title   = {Docker},
  author  = {Docker, Inc.},
  year    = {2025},
  urldate = {2025-03-24},
  url     = {https://www.docker.com/}
}

@manual{docker-compose,
  title   = {Docker compose},
  author  = {Docker, Inc.},
  year    = {2025},
  urldate = {2025-03-24},
  url     = {https://docs.docker.com/compose/}
}

@manual{sveltekit,
  title   = {SvelteKit},
  author  = {Přispěvatelé Svelte},
  year    = {2025},
  urldate = {2025-03-24},
  url     = {https://kit.svelte.dev/},
  note    = {Framework pro tvorbu full-stack aplikací pomocí Svelte.}
}